2924 4958
161 234 180 265 ι
266 200 298 244 »ΙᾺ

133 280 177 341 se
307 327 311 335 ,
675 241 808 320 iNDEX.
866 262 869 269 ’

138 437 278 514 Agraulos
303 432 443 508 Cecropis
470 428 529 486 filia
559 425 589 484 in
613 416 712 481 sexum
752 422 906 480 Melicerta
915 418 945 476 in
955 417 1049 475 Deum
1058 412 1199 471 marinum
1210 421 1275 466 ras.
1289 405 1322 471 11

120 532 124 538 ’
593 522 658 562 ssa.
677 507 712 560 la
753 501 880 561 Comites
895 499 958 556 lnds
972 497 1002 554 in
1015 498 1083 552 saxa
1097 498 1127 549 et
1137 508 1206 547 aves
1288 486 1325 539 12

140 596 258 654 Invidiae
273 595 370 652 domds
385 586 541 665 descriptio
753 582 877 639 Cadmus
892 598 957 637 cum
971 572 1105 633 uxorein
1119 585 1240 645 anguem
1289 565 1326 619 13

140 673 362 732 -effictin
623 736 627 740 ῃ
753 659 908 737 Jupiterin
922 674 1024 715 aurum
1104 683 1115 694 -
1196 680 1207 690 ·
1291 645 1360 736 ΗΓ

140 754 255 830 Jupiter
268 754 298 810 in
311 759 425 810 taurum
482 752 486 764 ¹
618 740 622 751 ’
754 740 856 798 Persei
869 746 993 828 gestass
1231 801 1259 814 ..
1298 799 1304 808 ⁴

142 832 259 909 Europa
287 850 324 889 ex
353 826 501 886 Phoenicia
537 824 567 881 in
594 821 713 880 Cretam
753 821 849 876 Guttae
868 834 1011 893 sanguinis
1033 811 1160 869 Medusae
1175 809 1276 881 capitis
1297 819 1328 857 in

181 913 299 973 advecta
794 904 945 973 serpentes

154 980 156 989 ⁴
468 1003 470 1007 ’
680 1021 712 1035 a.
754 979 832 1036 Atlas
843 978 872 1035 in
886 982 1012 1033 montem
1105 1003 1115 1014 -
1197 998 1208 1009 ·
1292 961 1329 1015 15

644 1070 646 1076 '
754 1058 935 1135 Andromeda
946 1062 1011 1113 ceto
1022 1049 1151 1127 exposita
1293 1040 1329 1094 16

340 1144 445 1204 LIBRI
466 1143 518 1200 lll.
758 1137 888 1212 Virgulta
902 1136 930 1192 in
945 1132 1053 1192 coralia
1207 1202 1212 1213 ι

758 1217 947 1274 Andromedae
962 1211 1121 1286 Perseique
1135 1209 1241 1280 nuptiae
1281 1199 1330 1289 Ι17

759 1295 884 1370 Pegasus
909 1311 1000 1370 equus
1022 1289 1111 1347 alatus
1143 1285 1159 1340 ἐ
1191 1293 1332 1355 sangiune,

185 1385 489 1445 DRACONlSdentes
498 1381 528 1438 in
538 1379 617 1437 viros
626 1396 718 1435 arma·
798 1375 927 1432 Medusae

193 1474 266 1524 ‘tos
588 1525 590 1530 ,
618 1460 715 1515 rnn.1
759 1453 888 1513 Medusae
902 1450 999 1530 capilh
1012 1449 1042 1506 in
1056 1449 1207 1522 serpentes

144 1547 267 1605 Cadmus
282 1545 402 1602 Boeotiae
416 1539 546 1600 conditor
608 1568 618 1582 ·
701 1539 719 1591 Ξ

143 1629 261 1685 Actaeon
272 1625 300 1681 in
316 1623 445 1681 Cervum
565 1695 642 1717 ..Α
840 1689 841 1692 ¹
965 1654 1070 1714 LIBRI
1092 1648 1156 1709 Vi·

143 1704 275 1769 Bacchus
290 1723 328 1761 ex
342 1700 457 1760 Semele
472 1698 573 1756 Cadmi
588 1696 646 1754 fiha
701 1697 721 1749 3

142 1783 161 1838 J
163 1803 219 1840 uno
233 1784 263 1840 in
277 1802 362 1839 anum

143 1862 252 1919 Bacchi
262 1862 393 1919 educatio
443 1905 445 1910 .
802 1859 999 1922 CEPHENEI
1017 1857 1158 1915 Perseum
1169 1862 1333 1926 oppugnas·

920 1765 934 1801 U

35 1958 38 1981 ¹
145 1939 276 1996 Tiresias
291 1939 320 1993 in
334 1938 478 1995 foeminam
572 1931 621 1977 '-
703 1938 721 1989 4
840 1952 884 2002 tes
899 1942 927 1999 in
942 1958 1011 2000 saxa
1236 1927 1329 1983 ΕΔΜ

145 2019 291 2076 --·in
306 2034 415 2072 marem
707 2057 709 2059 -
762 2015 1073 2099 Cephendmtumultrls
1087 2008 1243 2084 descriptio

144 2096 226 2154 Echo
240 2098 269 2154 in
283 2112 386 2152 vocem
504 2106 528 2134 ’-
609 2121 620 2133 ·
701 2095 723 2145 5·
760 2103 887 2157 Phineus
902 2098 1017 2173 Cephei
1031 2095 1122 2152 frater
1135 2090 1165 2146 in
1178 2092 1299 2145 statuam

144 2174 297 2233 Narcissus
311 2173 340 2229 in
354 2171 457 2229 florem
517 2202 528 2213 ·
609 2200 620 2212 ·
702 2169 720 2221 6
761 2178 883 2235 Proteus
897 2179 927 2234 in
940 2177 1097 2249 lapidem¹
1133 2201 1144 2211 ·
1225 2198 1236 2208 ·
1315 2166 1336 2217 2

146 2253 293 2311 Pentheus
308 2259 407 2310 contra
422 2249 568 2308 Bacchum
581 2244 720 2304 surens7
762 2256 932 2332 Polydectes
947 2253 977 2310 in
990 2267 1090 2309 saxum
1130 2279 1142 2290 ·
1225 2276 1236 2287 -
1317 2243 1337 2295 3

146 2332 279 2390 Bacchus
294 2335 323 2390 in
337 2348 461 2407 puerum
518 2361 529 2370 -
611 2358 622 2368 ·
674 2327 720 2380 ·8
762 2335 966 2411 Hippocrenes
980 2329 1064 2388 fontis
1079 2323 1235 2401 descriptio
1315 2317 1336 2374 4

147 2410 297 2487 Tyrrheni
312 2417 405 2467 nau'tae
420 2411 450 2468 in
464 2405 615 2484 delphinos
687 2407 723 2460 10
763 2412 890 2490 Pyrenei
901 2409 1083 2485 sacrilegium

148 2488 271 2548 Penthei
280 2507 356 2549 mers
539 2542 543 2548 .
755 2491 975 2566 Μυεωῷῃανεε

556 2589 557 2592 ’
762 2569 1005 2647 Gigantomachiae
1016 2563 1171 2643 descriptio
1319 2563 1337 2611 5

762 2650 879 2727 Jupiter
889 2650 918 2707 in
927 2648 1049 2707 arietem

329 2792 332 2806 ,
346 2722 452 2785 LlBRl
472 2723 523 2782 lV.
638 2763 641 2774 Α
763 2731 867 2806 Apollo
881 2730 911 2787 in
925 2746 1045 2787 corvum

763 2809 896 2868 Bacchus
910 2810 940 2866 in
953 2824 1073 2885 caprum

153 2939 154 2943 ,
764 2887 857 2944 Diana
871 2890 902 2946 in
913 2886 1002 2945 selem

189 2964 336 3023 BACCHl
351 2962 467 3021 nomina
628 2971 694 3017 ran.
710 2962 722 3016 1
764 2965 840 3023 Jnno
855 2969 884 3026 in
897 2979 1016 3041 vaccam

149 3045 283 3104 Dercetis
293 3042 452 3119 Babylonia
465 3040 494 3098 in
505 3040 616 3117 piscem
766 3043 865 3104 Venus
879 3047 909 3104 in
922 3046 1032 3122 piscem

150 3123 313 3182 Semiramis
321 3125 352 3184 in
362 3121 524 3179 columbam
766 3123 930 3184 Mercurius
944 3125 973 3182 in
987 3124 1057 3185 ibim
1137 3155 1148 3165 ·
1230 3151 1241 3162 ·
1333 3120 1338 3135 ’

150 3203 264 3274 Naisin
277 3202 409 3280 piscem'
488 3210 491 3217 '
659 3270 667 3289 d
767 3203 887 3262 Cereris
902 3206 1001 3263 laudes

150 3281 235 3343 Mora
267 3300 304 3340 ex
336 3280 408 3338 albis
439 3279 520 3354 nigra
552 3278 668 3356 Pyramr
697 3283 728 3336 et
767 3282 949 3360 Proserpinae
964 3292 1063 3361 raptus

193 3360 470 3434 Thisbes-sanguine
484 3357 588 3436 effecta
707 3360 725 3412 2
767 3362 902 3438 Pergusae
916 3364 992 3422 laclls
1007 3360 1163 3437 descriptio

152 3439 276 3498 Veneris
291 3459 357 3498 curn
371 3438 465 3494 Marte
481 3437 654 3495 adulterium
707 3439 727 3492 3
767 3439 867 3517 Cyane
883 3442 1018 3519 Nympha
1031 3442 1061 3499 in
1075 3447 1204 3515 stagnum

152 3520 319 3577 Leucothoe
334 3518 363 3575 in
376 3516 469 3575 thuris
484 3517 619 3575 arborem
636 3571 639 3581 ,
767 3518 846 3578 Puer
856 3522 1027 3579 temerarius
1041 3520 1071 3579 in
1084 3519 1260 3578 stellionem
1323 3518 1340 3568 7

153 3598 250 3675 Clytie
260 3597 290 3655 in
304 3597 457 3671 heliotrop.
474 3595 595 3653 herbam
707 3599 727 3652 4
767 3599 944 3676 Ascalaphus
957 3602 987 3659 in
1002 3601 1146 3659 bubonem
1321 3595 1341 3648 8

154 3676 285 3753 Daphnis
300 3676 391 3732 ldaens
406 3675 435 3732 in
448 3691 548 3731 saxum
709 3677 728 3731 ὅ
768 3677 884 3738 Sirenes
898 3679 928 3737 in
941 3699 1009 3739 ares
1049 3711 1052 3718 ·
1118 3711 1130 3723 ·
1210 3707 1221 3716 ·
1324 3673 1351 3726 9'

154 3756 280 3832 Scython
294 3755 324 3812 in
337 3752 480 3811 foeminam
616 3788 628 3799 ·
709 3757 727 3810 6
768 3757 912 3817 Arethusa
926 3760 1051 3837 nympha
1064 3762 1094 3820 in
1107 3755 1216 3814 fontem
1308 3755 1343 3806 10

154 3833 262 3892 Celmis
276 3851 352 3911 puer
364 3832 394 3891 in
408 3833 585 3891 adamantem
710 3837 728 3889 ⁷
768 3835 882 3913 Lyncus
923 3858 975 3897 rex
1014 3838 1184 3917 Scytharum
1217 3834 1247 3898 in
1280 3831 1342 3906 lyn-

155 3912 266 3971 Crocus
281 3931 346 3972 cum
361 3911 522 3971 Smilacein
532 3911 619 3971 flores
704 3915 728 3971 ,8
760 3960 766 3969 ,
808 3936 872 3975 cem
935 3952 946 3963 -
1027 3953 1038 3962 -
1119 3946 1131 3958 ·
1212 3944 1223 3956 ·
1309 3909 1341 3964 l¹

155 3991 319 4050 Salmacidis
333 3989 529 4050 sontisnatura
610 4022 621 4034 -
686 3993 728 4048 ·9
770 3993 900 4056 Pierides
914 4001 944 4058 in
957 3998 1036 4074 picas
1119 4008 1144 4038 ·'
1213 4025 1223 4034 ·
1308 3991 1342 4053 1⁶3
1371 3987 1372 3990 ¹

78 4104 80 4112 ι
155 4069 415 4148 Hermaphroditus
461 4089 527 4129 cum
572 4071 730 4129 Salmacide
1313 4066 1316 4070 ’

195 4149 330 4226 Nymphai
343 4150 492 4224 copulatus
504 4191 508 4199 ·

154 4227 316 4305 Minyeides
328 4227 358 4285 in
371 4229 592 4304 vespertiliones
696 4234 731 4288 10

157 4309 208 4365 lno
223 4306 398 4366 Athamantis
413 4309 529 4365 uxorin
544 4309 636 4370 Deam
695 4313 727 4367 11
1279 4299 1282 4310 ’

155 4385 218 4444 Viae
230 4388 265 4443 ad
278 4385 385 4444 inferos
397 4387 551 4463 descriptio
810 4386 1018 4449 ARACHNES
1032 4405 1098 4445 curn
1112 4381 1227 4442 Pallade
1246 4383 1340 4436 certa·

123 4463 401 4524 'Junoadinferos
463 4512 473 4521 .
848 4487 914 4529 men
1239 4459 1333 4515 ranst

968 4195 1072 4255 LlBlll
1091 4194 1147 4253 v1.
