2924 4958
465 367 507 438 P.
533 362 709 436 OVIDll
737 359 970 436 NASONIS

124 464 127 468 ’
232 531 1197 666 uurluoaruosuou

541 772 769 851 LIBER
808 772 900 847 VII.

595 983 853 1004 unum-⁸*

595 1003 853 1023 „-,„...--·——-—=

496 1127 936 1207 ARGUMENTUM.

651 1335 776 1369 ’θῦ-

166 1502 473 1584 POSTQUAM
503 1504 621 1588 Jason
651 1505 804 1576 domum
834 1518 920 1576 cum
940 1503 1079 1576 Medea
1096 1504 1218 1589 rediit,
1235 1505 1372 1580 AEsoni

70 1644 203 1696 socero
231 1644 299 1692 sno
326 1618 391 1691 illa
415 1618 655 1716 juventutem
684 1617 858 1711 reddidit.
909 1616 1156 1714 Eandemque
1181 1625 1217 1689 et
1255 1615 1373 1688 Peliae

68 1731 251 1831 pollicita,
281 1728 471 1827 praemisso
501 1728 627 1802 arietis
657 1728 694 1802 in
721 1741 872 1829 agnum
892 1730 1128 1803 transmutati
1155 1729 1377 1824 specimine·

69 1846 160 1918 dolo
177 1867 264 1918 eum
282 1842 432 1916 occidit.
483 1842 575 1916 lnde
605 1867 675 1940 per
702 1844 806 1917 varia
834 1844 919 1916 loca
937 1841 1064 1917 multis
1082 1840 1239 1935 insignia
1257 1848 1374 1911 trans-

69 1953 355 2027 formationibus
375 1954 510 2033 delata,
528 1961 614 2051 post
627 1952 933 2040 occisosliberos,
948 1954 1071 2046 AEgeo
1090 1953 1222 2050 nupsit.
1276 1948 1373 2020 Con-

68 2067 127 2133 tra
145 2063 242 2134 hunc
259 2071 389 2155 postea
407 2054 551 2137 bellum
570 2060 687 2137 m'ovit
702 2065 844 2152 Minos,
862 2063 1032 2163 collectis
1047 2064 1213 2161 undique
1228 2057 1374 2154 copiis;

70 2177 113 2262 ut
129 2178 169 2242 et
185 2172 207 2247 ὲ
223 2170 331 2263 Paro.
381 2170 521 2249 AEacus
542 2175 631 2272 vero¹
650 2173 697 2261 ab
718 2175 838 2271 AEgeo
855 2174 970 2277 stetit,¹
988 2183 1028 2248 et
1045 2176 1092 2246 ad
1109 2199 1197 2248 eum
1215 2162 1377 2268 Myrmiss

70 2275 300 2366 donns'suos,
318 2285 339 2358 ὲ
356 2282 524 2359 formicis
540 2293 654 2370 ortos,
673 2287 816 2379 auxilio
834 2288 944 2374 misit,
962 2290 1058 2361 duce
1078 2287 1245 2384 Cephalo
1265 2314 1276 2370 ;
1305 2283 1375 2382 qui

71 2394 277 2494 aliquando
295 2417 453 2467 uxorem
470 2418 584 2479 suam,
603 2399 745 2483 mutata
763 2396 834 2470 sibi
851 2397 981 2482 forma,
1000 2384 1040 2470 in'
1052 2396 1279 2486 adulterium
1295 2394 1375 2492 pel-

72 2496 229 2592 lexerat,
246 2527 454 2617 canemque
483 2528 593 2611 suum
609 2503 720 2610 simul
738 2530 825 2609 cum
841 2508 955 2627 vulpe
974 2506 1012 2594 in
1029 2532 1116 2580 saxa
1135 2503 1374 2586 converti-vi.

74 2622 191 2696 derat.
274 2686 276 2690 Α
398 2633 401 2637 ’
890 2632 895 2643 “

101 2768 362 2871 Lffmfffim
393 2750 403 2783 ⁹
442 2784 445 2791 ·
509 2764 783 2838 tsnannfretum
796 2765 903 2845 Minyas
918 2765 1052 2842 Pagasaea
1065 2787 1164 2844 puppe
1178 2769 1325 2839 secabant,

76 2877 136 2925 pm
149 2836 296 2930 maff'm·
322 2823 447 2941 “335⁰ss
461 2842 675 2921 Perpetulqpe
689 2846 807 2904 trahens
821 2846 938 2923 inopem
951 2847 1004 2904 sub
1019 2854 1103 2904 nocte
1114 2855 1262 2916 senectam

75 2937 216 3008 arPtsnem
224 2942 290 2987 visa
299 2949 357 2989 aas
366 2952 442 3001 ogeru
472 2921 599 2999 Phineus
613 2924 691 2982 risus
705 2930 769 2981 erat
785 2945 793 2994 3
809 2925 995 3002 juvenesque
1009 2925 1151 3002 Aquilone
1166 2927 1257 2985 creati

74 3011 184 3068 samam
197 3008 340 3071 usserman·
349 3000 385 3068 .²'’¹
402 3015 443 3047 Μ·
453 3050 459 3063 .
471 2999 624 3076 Virgineas
639 3003 776 3077 volucres
789 3003 889 3062 miseri
902 3005 978 3064 senis
993 3023 1045 3063 ore
1057 3003 1189 3084 fugarant
1205 3027 1214 3080 ς

76 3060 454 3112 atatecorramrdretravenes-
480 3072 488 3088 ·
635 3084 653 3094 .,
685 3090 706 3097 ..
825 3095 827 3100 .

76 3121 159 3169 noras
170 3122 218 3167 sati
237 3119 371 3178 abegerant
383 3132 442 3165 aver
508 3135 511 3142 ·

77 3182 202 3242 rirgrrear
210 3177 241 3228 ab
249 3192 290 3227 ore
297 3175 400 3245 Wehcrs
411 3178 472 3254 seris
483 3193 495 3228 s

658 3514 792 3575 NOTAE.

72 3746 76 3753 .
114 3702 138 3752 l.
154 3696 266 3765 Minue]
294 3695 471 3761 Argonautae3
495 3691 554 3743 vide
568 3708 635 3744 vers.
653 3693 712 3748 720.
743 3692 864 3759 harpyias
876 3695 991 3748 assiduas
1002 3696 1111 3748 haberet
1127 3697 1233 3748 sceleris
1251 3697 1376 3767 vindicer,

80 3765 138 3825 libri
151 3767 299 3827 superioris.
443 3764 446 3771 '
634 3779 636 3783 ·
742 3775 801 3825 qua
821 3775 935 3811 mensam
959 3764 1172 3829 depraedarentur.
1211 3766 1376 3831 Argonautas

53 3882 57 3889 ,
117 3830 154 3884 lb.
171 3830 317 3898 Pagasaei]
338 3835 409 3897 Argo
424 3827 614 3892 estaBagasis
627 3826 712 3878 Thes·
742 3824 875 3878 vesteno
888 3828 1159 3897 benigndsccepissen
1172 3834 1325 3883 tantomalo
1343 3835 1376 3884 ab

82 3899 152 3951 saliae
165 3895 239 3954 urbe,
261 3913 308 3946 non
321 3897 437 3962 procula
450 3896 521 3946 Pelio
533 3893 711 3962 monte.juxta
744 3892 795 3944 illis
808 3894 930 3954 liberatus
940 3905 981 3947 est
994 3912 1003 3958 ς
1020 3899 1116 3963 quippe
1128 3898 1171 3963 qui
1185 3897 1308 3948 adversus
1318 3901 1377 3951 har-

81 3979 159 4032 qnam
171 3962 294 4013 fabricata
304 3973 345 4014 est
357 3965 427 4013 navis
440 3963 477 4013 sic
489 3962 566 4012 dicta·
743 3960 817 4026 pyi'as
828 3962 916 4013 Calain
928 3972 955 4028 et
964 3964 1062 4016 Zethen
1070 3964 1150 4014 alatos
1159 3963 1253 4014 fratres
1262 3965 1377 4016 immise.

115 4035 139 4083 2.
158 4030 278 4093 Perperna
290 4032 333 4080 sub
349 4028 435 4092 nocte]
459 4030 525 4092 Quia
543 4035 708 4089 occacatus3
742 4035 811 4084 runt,
823 4026 944 4092 aquibus
956 4046 1038 4097 usque
1060 4032 1092 4082 ad
1110 4030 1265 4096 Strophadas
1277 4031 1376 4085 insulas

81 4097 136 4148 hirc
148 4103 189 4144 est
197 4098 265 4146 enim
278 4097 370 4148 'Phinei
387 4097 481 4147 fabula·
514 4093 645 4160 Agenoris
666 4111 714 4144 seu
746 4092 887 4159 profligatas
898 4104 966 4151 sunt.
1134 4089 1140 4100 ⁴

83 4161 209 4214 Phoenicis
222 4162 271 4213 fuit
288 4162 364 4226 lilius,
376 4180 423 4213 rex
435 4161 563 4218 Arcadia.
575 4161 615 4209 vel
627 4160 714 4222 potins
779 4162 802 4210 3,
819 4161 945 4228 duceres]
966 4165 1055 4215 Calain
1073 4165 1138 4216 dicit
1154 4173 1182 4215 et
1192 4165 1298 4217 Zethem
1309 4182 1377 4233 quos

83 4228 209 4289 Thracia,
220 4231 265 4294 qui
277 4228 424 4296 cleopatra,
443 4235 529 4279 Borea
540 4228 602 4287 filia,
621 4227 646 4275 in
666 4242 714 4277 ux·
747 4225 831 4279 norea
843 4235 911 4278 satos
923 4229 983 4282 anti
996 4231 1041 4282 dix
1051 4248 1116 4282 mus.

82 4312 155 4347 orem
168 4297 353 4359 sumpta‚duos
375 4311 440 4362 qnos
462 4312 497 4346 ex
516 4298 546 4345 et
563 4302 715 4357 susceperat
780 4296 805 4343 4.
824 4295 970 4364 Virgineus]
992 4299 1118 4363 Harpyias
1140 4298 1214 4359 dicit.
1235 4314 1291 4366 quss
1305 4300 1379 4354 vultu

55 4389 57 4411 r
82 4364 148 4424 tilios
163 4363 313 4425 Harpalices
325 4364 366 4413 vel
379 4363 449 4415 ldeae
461 4361 651 4427 superinducta
669 4377 713 4410 no·
747 4360 872 4425 virgineo,
893 4364 997 4414 auribus
1008 4365 1109 4421 ursinis.
1120 4380 1228 4427 corpore
1240 4365 1376 4427 vulturino,

81 4443 168 4482 verca
180 4429 295 4489 consilio,
315 4430 395 4480 oculis
412 4431 528 4494 privarit,
544 4428 711 4494 quamobrem
745 4427 863 4480 manibus
875 4431 957 4493 uncis,
967 4429 1083 4480 volatiles
1094 4429 1168 4486 ficta,
1184 4433 1257 4483 Ponti
1267 4449 1297 4484 aa
1310 4436 1377 4483 Ter-

80 4494 160 4558 idils
171 4512 203 4550 eo
215 4497 350 4566 supplicio,
370 4494 487 4586 affectus,
510 4503 541 4549 ut
560 4506 642 4550 cneus
653 4495 711 4562 ipse
744 4511 779 4551 ra
789 4493 852 4546 filie.
885 4497 955 4552 Vide
966 4498 1040 4563 virg·
1054 4501 1105 4550 AEn.
1116 4512 1140 4550 r.
1150 4499 1208 4554 212.

1293 4562 1374 4627 Mut-
