2924 4958
599 633 794 736 praua
832 658 863 733 1.

634 922 822 1004 ..Aa—..-

510 1251 952 1331 ARGUMENTUM.

664 1481 788 1514 -ew-

172 1741 450 1822 ΡΒΙΝΟΙΡΙΟ
479 1747 601 1823 Chaos
643 1747 683 1823 in
715 1748 903 1822 elementa
933 1751 1101 1845 quatuor
1133 1741 1387 1842 distinguitur.

77 1851 229 1934 Quibus
257 1861 339 1933 edm
363 1861 421 1937 sui
446 1864 626 1938 darentur
651 1861 807 1960 singulis
832 1849 971 1957 ineolae
984 1890 995 1949 ;
1022 1862 1135 1940 homo
1152 1883 1201 1933 ex
1221 1859 1321 1930 terre
1347 1864 1389 1930 et

78 1969 179 2066 aqud
195 1981 343 2044 creatus
359 1981 425 2045 est.
479 1973 628 2047 Secutae
649 1984 735 2048 sunt
752 1983 880 2048 aetates
903 1973 1098 2048 hominum
1114 1978 1291 2068 quatuor.
1343 1969 1390 2044 ln

75 2103 238 2178 quarum
262 2088 450 2181 postremi
476 2087 524 2160 de
551 2086 758 2185 Gigantum
783 2088 962 2184 sanguine
987 2086 1065 2162 nati
1087 2093 1171 2159 sunt
1196 2079 1389 2158 homines:

73 2192 144 2291 qui
162 2197 246 2272 rim
262 2207 386 2275 essent
404 2196 522 2296 impii,
540 2198 707 2296 Jupiter,
724 2197 897 2296 quamvis
914 2207 1024 2273 antea
1047 2200 1261 2293 Lycaonem
1279 2194 1317 2271 in
1334 2197 1396 2271 lu·

33 2366 36 2371 .
74 2325 168 2401 pum
184 2311 374 2395 mutasset,
400 2311 569 2409 generali
593 2308 836 2383 nihilominus
862 2309 1050 2407 supplicio
1077 2307 1263 2381 diluvium
1285 2308 1392 2382 indu-

75 2440 176 2508 eens,
194 2422 318 2497 omnia
336 2424 374 2498 in
392 2434 530 2523 aquam
547 2423 746 2499 convertit.
799 2423 875 2495 Hic.
889 2423 962 2497 soli
978 2421 1246 2519 relinquuntur
1263 2447 1394 2518 super·

61 2531 184 2609 ‘etites
210 2535 419 2612 Deucalion
436 2547 476 2610 et
503 2530 658 2635 Pyrrha.
710 2533 792 2616 Qui
808 2546 894 2633 post
911 2534 1097 2608 redditam
1114 2541 1264 2614 terram,
1277 2533 1393 2632 jactis

70 2657 161 2744 post
174 2657 280 2749 terga
294 2651 483 2749 lapidibus
496 2651 700 2727 humanum
711 2653 933 2749 repardmnt
946 2647 1076 2748 genus.
1129 2645 1393 2744 Namreliqua

73 2763 232 2860 quidem
258 2758 431 2841 animatia
449 2789 582 2864 sponte
601 2770 667 2840 sud
687 2792 736 2841 ex
764 2767 922 2840 humore
940 2772 980 2838 et
997 2765 1124 2837 calore
1140 2759 1363 2858 prodierunt
1380 2791 1393 2847 3

75 2871 251 2975 interque
269 2901 314 2951 ea
330 2885 370 2953 et
387 2878 511 2974 Pytho
534 2901 697 2973 serpens.
750 2874 878 2956 Quem
903 2876 989 2948 crim
1018 2869 1161 2970 Apollo
1186 2871 1393 2950 interemis-
1444 2954 1446 2959 ,

77 2995 146 3073 set,
164 2987 320 3083 Pythios
336 2978 447 3079 ludos
466 2988 504 3061 in
522 2985 579 3061 rei
595 2985 815 3061 memoriam
832 2984 1004 3060 instituit.
1057 2986 1101 3056 ln
1118 2982 1258 3082 quibus
1275 2985 1395 3087 victo·

76 3127 136 3177 res
153 3103 304 3176 esculea
321 3105 460 3176 corona
476 3101 735 3175 donabantur:
764 3101 930 3174 nondum
944 3098 1044 3172 enim
1061 3097 1238 3175 extiterat
1252 3101 1392 3188 laurus,

80 3214 203 3286 donec
220 3211 357 3286 ineam
380 3211 537 3310 Daphne
557 3213 686 3308 puella
704 3211 775 3284 suit
789 3234 979 3285 eonversa-
1008 3206 1126 3289 Quod
1140 3207 1223 3280 rum
1241 3209 1394 3284 accidis-

78 3333 147 3411 set,
163 3336 246 3398 tum
269 3326 316 3398 ad
342 3335 487 3424 patrem
505 3325 586 3422 ejus
614 3324 794 3411 Peneum,
819 3325 903 3398 riun
924 3323 1065 3421 reliqui
1085 3322 1191 3396 fluvii
1210 3322 1289 3399 sive
1306 3349 1396 3398 con·

77 3437 303 3535 gratulandi,
338 3439 415 3515 sive
446 3439 561 3514 etiam
588 3439 807 3513 consolandi
832 3440 953 3538 gretia
979 3438 1264 3523 convenissent3
1291 3435 1395 3509 solus

77 3549 311 3626 desideratus
328 3562 386 3629 est
404 3554 563 3627 inachus
579 3582 589 3640 ;
617 3553 722 3653 quod
736 3556 783 3628 de
798 3553 876 3627 filia
890 3556 956 3627 sud
975 3542 1065 3627 lone
1081 3553 1267 3628 sollicitus
1283 3559 1394 3637 esset,

80 3687 196 3765 quam
211 3656 365 3762 Jupiter
380 3675 467 3762 post
484 3675 655 3763 stuprum
674 3665 711 3740 in
722 3667 927 3764 juvencam
944 3667 1107 3739 mutarat
1171 3669 1224 3740 Ea
1244 3667 1326 3739 crim
1346 3666 1395 3738 ab

79 3777 188 3878 Argo
203 3779 468 3866 custodiretur,
488 3778 703 3853 Mercurius
717 3805 817 3866 eum,
837 3781 984 3853 nanae
1002 3779 1103 3875 priris
1122 3783 1309 3885 Nymphae
1325 3780 1395 3876 Sy-

27 3980 31 3987 ·
50 3918 53 3927 ·
77 3891 193 3990 ringis
207 3892 245 3966 in
258 3893 478 3968 arundinem
491 3892 833 3973 transformatione,
848 3890 1000 3965 oceidit.
1043 3891 1160 3990 Cujus
1174 3897 1278 3971 oculi
1292 3896 1396 3971 dein·
1449 3915 1453 3927 ·

81 4007 129 4082 de
151 4011 173 4080 ὲ
197 4008 348 4082 Junoue
375 4009 413 4082 in
439 4034 625 4106 pavonem
651 4009 782 4083 collati
807 4008 972 4082 fuerunt.
1024 4007 1128 4083 Tum
1152 4009 1210 4099 lo,
1237 4008 1394 4104 pristini

79 4121 248 4199 mulieris
264 4120 395 4203 sormi,
413 4112 577 4222 recepta,
597 4122 799 4223 Epaphum
813 4122 925 4222 parit.
1118 4134 1121 4139 '
