2924 4958
471 305 513 379 Ρ.
539 301 716 379 OVlDlI
742 300 975 380 NASONIS
1043 378 1044 381 n

215 472 1197 625 Mammoarnosuon

549 732 780 812 LIBER
819 735 890 813 XI.

582 932 849 949 nna-*unq—

582 951 849 968 w

497 1088 935 1172 ARGUMENTUM

649 1324 772 1360 <00-

140 1474 272 1557 HINC
287 1484 369 1560 cdm
380 1487 553 1562 'l'hraciae
571 1476 747 1562 mulieres
761 1485 870 1560 illum
892 1482 1184 1581 discerpsistent,
1203 1485 1243 1560 in
1257 1489 1362 1566 arbo-

63 1615 125 1668 res
141 1604 293 1672 mutatae
310 1606 406 1672 sunt.
457 1598 560 1673 Tum
579 1599 784 1673 Bacchus&
802 1595 966 1670 Thracia
992 1592 1156 1672 recessit,
1174 1603 1213 1668 et
1248 1597 1365 1676 Midae
1430 1628 1431 1631 ’

67 1732 138 1804 pro
157 1710 285 1784 Sileno
302 1710 476 1784 restituto
494 1712 576 1785 auri
594 1709 742 1808 copiam
759 1707 862 1784 fecit.
912 1706 1028 1804 Cujus
1045 1707 1129 1780 crim
1152 1705 1260 1782 illum
1287 1737 1366 1808 poe·

65 1821 215 1907 niteret,
233 1820 270 1895 in
288 1823 449 1896 Pactolo
469 1825 581 1902 lotus,
601 1847 730 1897 arenas
746 1823 828 1921 ejus
843 1845 974 1896 aureas
1005 1819 1179 1894 reddidit.
1229 1822 1367 1917 Postea

65 1928 232 2004 Phoebus
248 1957 319 2028 pro
337 1931 469 2030 iniquo
489 1933 638 2030 judicio
665 1957 776 2007 aures
805 1930 863 2005 illi
893 1930 1050 2006 asininas
1080 1929 1222 2006 tribuit.
1272 1934 1365 2018 Quo

62 2037 175 2119 facto,
207 2042 335 2138 Trojae
368 2043 516 2130 moenia,
553 2043 754 2118 humanam
787 2042 941 2116 indutus
967 2040 1136 2128 formam,
1169 2047 1365 2121 exstruxit.

60 2146 174 2223 Hanc
192 2151 323 2226 urbem
351 2161 551 2252 postquam
581 2152 683 2252 cepit
706 2153 907 2241 Hercules,
933 2150 1143 2226 Hesionam
1161 2151 1364 2231 Telamoni

59 2285 217 2337 uxorem
254 2264 380 2340 dedit:
417 2267 729 2366 quandoquidem
768 2266 905 2343 Peleus
928 2266 1010 2373 jam
1037 2265 1240 2342 Thetidem
1272 2277 1359 2367 post

56 2378 193 2451 multas
209 2380 290 2476 ejus
320 2381 664 2456 transformationes
689 2384 871 2467 duxerat:
899 2390 939 2457 et
966 2383 1013 2455 ad
1046 2381 1213 2479 Ceycem
1231 2386 1362 2476 postea

58 2486 265 2581 profectus,
293 2489 554 2567 Daedalionem
576 2492 615 2566 in
641 2490 871 2590 accipitrem,
902 2498 943 2565 et
966 2491 1102 2587 lupum
1129 2491 1168 2562 in
1196 2486 1363 2584 lapidem

58 2618 294 2687 conversum,
312 2599 449 2697 partim
478 2603 730 2693 intellexerat,
747 2602 885 2696 partim
902 2600 982 2694 ipse
999 2597 1156 2673 viderat.
1206 2594 1363 2682 Accidit

57 2705 208 2790 deinde,
227 2706 281 2781 ¹ut
312 2702 504 2805 Alcyone,
537 2709 673 2782 marito
702 2716 789 2806 post
815 2708 1063 2804 naufragium
1081 2707 1150 2783 sub
1182 2704 1364 2804 Morpnei

58 2815 181 2914 figura
197 2843 267 2915 per
281 2843 452 2895 somnum
469 2831 684 2917 conspecto,
702 2820 740 2894 in
757 2844 865 2895 avem
881 2819 978 2907 sicut
1005 2827 1045 2897 et
1060 2820 1226 2907 maritus,
1243 2826 1361 2893 muta·

57 2937 172 3004 retur.
226 2931 336 3014 Quos
352 2932 391 3007 in
417 2940 501 3008 atre
528 2934 697 3007 volantes
715 2934 799 3008 crim
829 2933 1175 3008 animadvertissent
1191 2930 1357 3030 quidam,

56 3041 236 3119 AEsacum
253 3048 443 3143 quondam
460 3046 499 3121 in
515 3069 699 3144 mergum,
713 3046 782 3146 qui
797 3056 878 3122 tum
895 3045 992 3121 forte
1014 3049 1154 3134 aderat,
1184 3041 1358 3118 momine·

58 3164 147 3228 runt
163 3157 474 3235 transformatum.

120 3337 146 3393 l.
167 3337 346 3398 CARMlNll
357 3343 423 3401 dum
437 3343 487 3404 tali
500 3342 597 3407 silvas.
612 3344 778 3421 animosque
791 3341 930 3413 serarum,
1065 3354 1286 3395 mmmmm.

58 3413 215 3477 Threicius
229 3426 320 3489 vates,
336 3427 365 3478 et
378 3440 446 3479 saxa
456 3422 608 3499 sequentia
617 3422 715 3493 ducit3
1022 3423 1043 3470 1.
1058 3423 1124 3470 Dum
1141 3427 1216 3484 poeta
1237 3419 1355 3468 Tarauna

57 3490 137 3552 Ecce
151 3516 240 3554 nurus
251 3497 391 3557 Ciconum
404 3507 489 3559 tecta
503 3500 651 3576 lymphata
665 3497 765 3560 ferinis
819 3493 822 3497 ’
977 3483 1069 3589 ᾖξ’
1078 3482 1190 3590 ‘lm
1201 3483 1372 3600 ‘swam

57 3570 182 3632 Pectora
192 3577 361 3646 velleribus,
375 3579 476 3636 tumuli
491 3580 528 3637 de
542 3579 654 3638 vertice
669 3584 793 3638 cernunt
994 3559 1189 3659 artemiam
1195 3600 1303 3662 ficubus
1320 3598 1359 3644 oo-

57 3648 178 3726 Orphea
192 3656 336 3730 percussis
346 3657 503 3717 sociantem
514 3658 642 3717 carmina
654 3657 763 3716 nervis.
993 3661 1167 3733 accensores,
1189 3673 1243 3707 ecce
1260 3657 1357 3706 vicmo

994 3721 1101 3768 mulereo
1124 3719 1236 3767 amenter
1257 3723 1358 3778 pectora

55 3765 144 3876 igpppo
160 3774 240 3821 velata
246 3774 447 3838 pelldmserim'r,
458 3775 587 3826 aduerunt
601 3773 718 3839 Orpheum
734 3779 878 3840 jungentem
891 3791 975 3829 ueram
995 3781 1091 3829 chordis
1113 3781 1183 3830 tactis
1202 3778 1218 3826 ὲ
1237 3778 1356 3839 aarum

587 4024 844 4064 ...τ-η

571 4205 573 4208 ’
640 4231 775 4293 noun.

51 4374 470 4513 ”squammeanoui
508 4407 689 4463 moerorum
738 4407 1078 4490 „amqommamfo
1086 4400 1357 4491 nomannorum·

73 4461 189 4515 ordinum
202 4483 298 4525 animos
314 4477 346 4527 ab
357 4479 460 4545 orpheo
500 4475 688 4532 'mercum
721 4492 770 4528 cns
788 4475 961 4528 uulneribus}
983 4485 1059 4541 posin
1073 4482 1138 4532 ,sunt
1155 4488 1225 4530 emm
1243 4472 1357 4527 breones

65 4534 112 4643 Ι2.
127 4532 222 4602 Vnae]
236 4539 343 4606 opem
353 4544 488 4601 Thracias
720 4540 1120 4610 mmssm
1134 4548 1258 4657 Ψωῖῃί
1271 4600 1385 4672 opima
