2924 4958
173 271 223 333 viii
348 323 350 332 ,
688 267 820 328 INDEX.

167 429 245 503 Apes
259 425 321 486 sine
334 423 455 502 pedibus
533 459 544 470 -
624 459 636 470 ·
697 432 734 484 34
774 429 895 486 Athene

165 507 243 564 Aves
254 526 291 565 ex
301 506 348 564 ovi
359 505 452 564 medio
532 539 543 550 ·
624 539 635 550 -
697 509 735 564 35
776 507 888 564 Thebe

164 583 296 644 Hominis
329 586 418 662 spinae
456 585 581 644 medulla
621 584 651 642 in
685 604 733 642 an·
775 585 874 642 Romae
888 582 969 658 origo
1050 618 1061 628 -
1143 619 1153 628 -
1235 622 1245 632 -

151 680 153 687 '
203 683 289 739 guem
440 697 452 708 -
532 699 543 710 -
623 697 634 708 -
697 668 733 720 36
774 663 876 720 Numae
892 682 1012 742 regnum

43 773 45 776 ·
163 739 285 800 Phoenix
300 762 337 801 ex
350 744 447 820 seipso
532 776 543 787 -
623 773 635 787 ·
696 746 733 798 37
773 742 948 819 Hippolytus
959 743 988 800 in
999 742 1124 801 virbium
1235 780 1246 790 -

96 872 102 897 ἶ
167 818 302 898 Hyenam
319 821 411 880 feram
428 823 513 880 modi)
535 840 653 893 marem,
676 841 735 880 mo·
776 819 1237 894 EgeriaNumaeuxorinfoutem

207 901 245 958 du
259 900 402 960 foeminam
415 920 479 958 esse
534 935 545 946 ·
626 934 637 946 ·
698 905 734 957 38
775 898 869 956 Gleba
883 902 912 957 in
926 921 1050 976 puerum
1141 937 1152 947 ·
1234 936 1245 948 -

164 976 241 1036 Mira
254 979 466 1059 ehamaeieoutis
481 986 582 1052 natum
693 982 731 1038 39
773 976 862 1036 Hasta
874 979 987 1038 Romuli
1001 981 1031 1038 in
1042 982 1176 1041 arborem

161 1055 338 1134 Lyncurium
351 1077 388 1117 ex
405 1059 519 1135 lyncum
532 1058 614 1117 urin&
692 1063 731 1116 40
773 1055 859 1132 Cippi
873 1076 982 1116 cornua

161 1135 311 1197 Coralium
321 1157 358 1197 ex
368 1135 446 1194 molli
457 1137 561 1198 durum
692 1141 728 1194 41
770 1135 951 1212 AEsculapius
966 1137 995 1195 in
1010 1159 1132 1214 anguem

661 1219 738 1274 '42
770 1215 1119 1277 —Romamadvectus
1232 1253 1243 1264 -

769 1291 863 1352 Julius
877 1293 976 1354 Caesar
989 1296 1018 1354 in
1033 1306 1177 1357 cometem

649 1408 651 1423 ι
769 1373 888 1448 Augusti
902 1375 1000 1434 laudes

770 1448 1035 1535 metamorphoseos
1046 1460 1263 1554 commeudatio.
