2924 4958
100 285 104 288 -
153 223 214 325 'a
385 330 390 335 ¹
704 248 836 317 mona.

185 420 329 494 Perimele
343 415 468 498 nympha
481 411 511 477 ln
524 415 645 480 insulam
733 421 752 474 6
793 414 961 492 Propetides
975 415 1005 473 in
1018 414 1086 474 saxa
1159 446 1171 458 ·
1252 415 1294 458 ⁴⁴
1344 412 1363 471 1

183 501 327 577 Oppidum
341 499 370 559 in
384 506 513 574 stagnum
641 528 653 541 ·
735 501 752 556 7
793 496 890 554 Statua
904 496 1032 554 eburnea
1048 495 1077 553 in
1091 491 1247 569 virginem‘
1345 498 1364 551 8

181 579 297 656 Jupiter
317 599 383 639 cum
403 576 551 637 Mercurio
571 576 601 636 ia
616 575 753 635 homines
792 575 913 652 Myrrha
927 574 1043 652 Cinyra
1058 574 1116 631 filia
1129 573 1158 630 in
1173 573 1307 644 arborem
1343 571 1364 629 9

182 659 253 717 Gaia
266 660 295 717 in
309 658 448 735 templum
550 689 561 702 ·
660 659 753 714 aeta
794 655 991 731 Hippomenes
1005 655 1034 712 in
1048 655 1163 711 leonem
1196 661 1198 664 ’
1251 684 1263 696 -
1328 655 1366 709 10

182 737 332 797 Philemon
359 757 425 798 cum
449 734 577 795 Baucide
604 752 697 796 uxore
723 736 753 794 in
793 734 923 793 Atalanta
936 735 966 792 in
976 735 1098 792 leaenam
1158 765 1169 777 ·
1251 763 1262 775 ·
1327 733 1360 788 11

221 816 370 876 arbores*
792 813 897 871 Adonis
911 816 940 871 in
954 814 1056 872 florem
1155 844 1166 856 ·
1229 814 1260 868 11
1279 816 1309 870 et
1326 813 1362 866 12
1389 837 1391 841 Α

182 893 305 955 Proteus
319 897 348 954 in
363 895 455 954 varias
469 893 575 955 formas
716 898 753 953 10
782 891 903 951 ‘Minthe
937 894 1063 971 nympha
1099 892 1129 951 ia
1165 897 1291 951 mentam
1328 889 1363 946 12

156 973 370 1034 ¹hlrisicthonis
385 974 517 1052 impietas
642 1006 653 1018 ·
717 976 750 1032 ll
832 978 862 1031 et
879 977 913 1030 13
1091 984 1095 991 ‘

181 1053 276 1112 Famis
291 1055 383 1130 patria

181 1132 415 1208 ——descriptio
550 1165 561 1178 ·
641 1165 652 1176 -
718 1135 752 1189 12

182 1209 276 1270 Metra
303 1211 491 1270 Erisicthonis
518 1210 578 1270 tilia
603 1210 634 1269 in
657 1210 753 1271 varias
987 1209 1093 1270 LIBRI
1115 1203 1167 1268 Xl.

220 1291 324 1366 figuras

181 1367 286 1430 Foedus
300 1369 488 1429 Erisicthonis
500 1369 594 1430 exitus

293 1486 297 1492 -
587 1445 589 1448 ’
832 1446 1001 1508 SERPENS
1015 1450 1045 1509 in
1059 1467 1158 1509 saxum
1261 1464 1328 1504 aaa.
1347 1450 1360 1504 1

457 1597 459 1601 ι
793 1527 906 1604 Orphei
920 1531 1014 1588 caedes
1159 1552 1163 1560 ·

376 1605 482 1668 Llssul
505 1605 557 1666 lx,
793 1607 917 1667 Bacchae
931 1609 1066 1668 Thraciae
1080 1609 1110 1667 in
1124 1605 1244 1666 arbores
1343 1608 1364 1663 D

464 1702 467 1707 ·
794 1685 880 1745 Midae
895 1687 1032 1747 stoliditas
1135 1686 1171 1732 '-
1253 1715 1264 1732 -
1344 1689 1364 1742 3

793 1765 932 1826 Contacta
946 1768 962 1823 d
975 1767 1053 1826 Mida
1065 1767 1096 1825 io
1109 1785 1212 1827 aurum

220 1844 397 1906 AOHELOI'
435 1845 632 1925 Herculisque
675 1843 754 1904 lucta
792 1845 889 1903 Arena
903 1847 1011 1905 Pactoli
1025 1847 1054 1904 in
1069 1843 1171 1906 aarum
1279 1890 1281 1894 -

653 1929 750 1999 aaa..l
792 1923 878 1983 Midae
893 1945 979 1984 aures
993 1927 1022 1983 in
1033 1926 1157 1985 asininas
1251 1956 1262 1968 -
1344 1928 1362 1982 4

107 2071 109 2074 ,
182 2002 327 2063 Achelous
340 2002 370 2060 in
384 2020 507 2086 anguem
791 2002 897 2062 Canna
912 2005 1028 2063 vocales
1157 2036 1169 2049 ·
1250 2034 1261 2046 ·
1345 2009 1364 2061 5

180 2081 289 2140 —--in
303 2088 417 2140 taurum
510 2109 511 2112 ¹
790 2083 894 2158 Apollo
921 2102 986 2143 cum
1010 2081 1147 2160 Neptuno
1174 2083 1204 2142 in
1230 2081 1364 2141 homines

182 2161 283 2238 Copiae
297 2180 388 2220 cornu
737 2190 739 2194 ⁴
1346 2166 1365 2220 6

181 2239 268 2300 Nessi
281 2234 412 2300 centauri
427 2241 522 2301 cades
641 2270 653 2287 ·
703 2239 752 2298 ’1
792 2233 928 2300 Hesiona
947 2240 1147 2301 Laomedontis
1168 2241 1235 2302 filiae
1256 2236 1366 2301 libe'rae

183 2318 296 2378 Tunica
319 2321 337 2385 ὲ
364 2318 503 2396 Deianira
529 2320 565 2379 ad
593 2319 753 2380 Herculem
831 2319 871 2378 tio
1025 2327 1028 2331 ’

219 2399 304 2458 missa
456 2431 468 2444 ·
549 2430 561 2448 ·
641 2431 652 2446 ·
733 2402 752 2456 3
793 2396 897 2458 Thetis
915 2399 945 2457 ia
958 2400 1052 2459 varias
1065 2399 1171 2476 formas
1252 2429 1263 2448 ·
1347 2405 1365 2462 'l

180 2477 318 2539 Herculis
331 2479 446 2538 labores
792 2474 941 2539 Daedalion
954 2478 984 2537 in
998 2480 1166 2558 accipitrem
1252 2513 1264 2527 ·
1346 2485 1364 2538 8

180 2556 288 2629 Lichas
298 2557 328 2616 in
341 2559 492 2635 scopulum
790 2556 889 2634 Lupus
902 2559 933 2617 in
946 2579 1045 2618 saxum
1120 2574 1121 2578 ’
1159 2593 1171 2606 -
1251 2592 1264 2604 -
1346 2563 1365 2618 9

180 2635 366 2696 Herculesin
381 2636 477 2696 Deum
639 2672 652 2684 ·
731 2643 751 2696 4
790 2637 920 2715 Alcyone
934 2647 965 2697 et
978 2637 1062 2717 Ceyx
1075 2639 1106 2696 in
1117 2655 1191 2699 aves
1328 2639 1367 2698 ID

180 2715 329 2774 Galanthis
343 2716 372 2774 in
385 2717 538 2777 mustelam
640 2749 653 2764 ·
733 2721 751 2776 6
792 2715 888 2776 Somni
901 2719 997 2778 domas
1007 2718 1165 2797 descriptio

182 2793 302 2871 Dryope
316 2795 346 2851 in
360 2797 496 2853 arborem
792 2794 848 2854 De'i
862 2799 952 2856 somni
967 2797 1073 2858 affictio
1137 2794 1163 2800 ”

180 2871 277 2930 lolaus
291 2871 424 2931 senexin
433 2870 576 2949 juvenem
640 2908 651 2920 -
733 2880 752 2934 9
790 2870 950 2952 Morpheus
963 2876 993 2934 in
1007 2878 1138 2938 homines
1216 2949 1218 2954 ,

182 2949 359 3009 Callirrhoes
374 2953 460 3028 pueri
474 2952 502 3010 in
512 2951 639 3031 juvenes
716 2958 752 3013 10
792 2950 981 3013 Phobetorin
995 2955 1128 3016 animalia
1141 2959 1228 3018 bruta

181 3028 299 3089 Miletus
314 3030 408 3088 Mileti
422 3031 501 3089 urbis
516 3035 648 3093 conditor
716 3038 748 3092 11
792 3030 948 3092 Phantasos
962 3035 991 3093 in
1004 3037 1161 3097 inanimata

181 3107 282 3185 Byblis
296 3109 389 3168 Mileti
404 3109 464 3168 filia
476 3110 506 3168 in
516 3110 625 3171 sontem
791 3108 951 3188 Morpheus
964 3114 994 3172 in
1009 3115 1140 3193 Ceycem

182 3185 750 3266 0111111111111111111,0111111111
789 3189 956 3252 AEsacnain
969 3213 1102 3272 mergum
1133 3189 1134 3192 '
1194 3212 1202 3230 ⁸

235 3269 366 3326 coudrtor
727 3298 729 3302 ¹

182 3342 260 3422 lphis
274 3347 371 3424 puella
386 3347 540 3424 iamarem
619 3380 631 3398 ·
715 3356 751 3412 12

569 3468 576 3477 1
977 3431 1083 3494 LIBRI
1105 3432 1172 3494 ΧΠ.

382 3584 489 3650 LIBRI
509 3587 562 3648 X.‘
1350 3616 1353 3621 ·

830 3667 1157 3735 SERPENSinsarum
1258 3684 1357 3739 naal

96 3803 101 3825 ι
791 3748 941 3826 Iphigenia
979 3752 1197 3829 Agamemnonis
1231 3753 1290 3815 filia
1329 3758 1361 3818 in

219 3820 365 3885 ouPHut
397 3824 607 3907 Euridicesquc
642 3830 750 3908 nuptia
828 3849 946 3891 cervam
1065 3868 1078 3880 ·
1157 3866 1168 3880 -
1249 3867 1261 3881 ·
1342 3841 1361 3895 2

405 3969 408 3976 ,
648 3915 747 3970 ram
789 3904 884 3970 Fama
899 3912 995 3973 domas
1006 3912 1162 3992 descriptio

179 3984 292 4043 -ad
305 3982 413 4044 inferos
426 3985 582 4048 descensus
788 3987 939 4050 Protesilai
953 3996 1047 4054 cades
1154 4027 1165 4040 -
1247 4027 1259 4041 -
1340 3999 1360 4053 3

177 4063 250 4148 atys
263 4061 293 4153 ip
306 4063 406 4154 pinum
545 4098 556 4112 -
637 4101 648 4115 -
729 4073 748 4128 2
788 4067 904 4146 Cygnus
919 4092 994 4148 puer
1007 4075 1037 4132 in
1051 4092 1134 4133 avem
1178 4096 1188 4114 ¹

179 4136 351 4233 Cyparissus
364 4162 394 4202 m
407 4153 577 4223 cupressum
729 4153 749 4208 3
788 4147 883 4208 Canis
897 4151 926 4208 in
937 4171 1020 4212 avem
1148 4185 1160 4200 ·
1266 4158 1364 4215 sets

179 4219 294 4311 Jupiter
304 4241 334 4279 m
344 4223 468 4300 aquilam
546 4257 559 4272 ·
639 4261 651 4275 ·
730 4235 750 4288 4
790 4226 997 4306 Caeuis‘puella
1010 4233 1040 4290 in
1054 4252 1164 4292 marem

179 4297 359 4375 Hyacinthus
373 4321 449 4377 puer
459 4305 490 4366 in
502 4304 605 4370 florem
731 4315 750 4368 5
790 4305 912 4368 Pirithoi
922 4317 954 4369 et
963 4312 1163 4389 Hippodamia
1174 4310 1280 4389 nuptiae

180 4376 309 4470 cerasta
326 4381 355 4472 in
369 4388 467 4445 tauros
545 4412 558 4434 ι
638 4419 650 4436 ·
731 4385 977 4464 6Lapitharum
995 4391 1267 4474 Centaurorumque
1281 4409 1359 4475 pate·

181 4453 355 4534 Hyacinthia
367 4458 441 4522 festa
828 4466 868 4526 lia
