2924 4958
583 504 746 581 arana
771 491 842 580 1‘v.
971 605 973 608 >

492 1049 956 1172 aerumnarum
1066 1125 1068 1129 >

639 1419 762 1454 ¹¹00&-

174 1683 447 1779 ALclrfloii
472 1711 609 1790 tamen,
636 1710 709 1778 una
735 1705 1047 1791 consororibus,
1073 1716 1285 1781 constanter
1309 1732 1356 1781 ea

62 1811 337 1883 contemnebat.
387 1812 496 1887 Aded
514 1822 557 1887 ut
574 1814 723 1887 infesto
740 1814 861 1887 varias
878 1817 926 1889 ad
951 1819 1078 1890 colum
1094 1816 1263 1892 historias
1281 1818 1366 1892 illae·

62 1923 133 1998 sibi
143 1923 304 1998 invicem
318 1948 465 1999 narrare
480 1925 675 2023 coeperint·
708 1916 853 1998 Partim
867 1929 914 2000 de
925 1920 1261 2029 moris-denigratis,
1275 1935 1357 2028 par-

62 2037 129 2111 tim
143 2039 190 2113 de
208 2035 392 2133 Apolline
409 2037 447 2111 in
464 2038 712 2135 Eurynomen
729 2063 848 2125 verso,
869 2049 910 2114 ut
927 2064 1012 2116 curn
1035 2040 1252 2118 Leucothoe
1269 2070 1354 2120 con·

60 2150 257 2224 cumberet
277 2174 285 2221 :
307 2150 554 2249 quamobrem
573 2150 697 2247 Clytie
715 2141 891 2250 zelotypa
908 2153 947 2227 in
978 2150 1261 2255 Heliotropium
1276 2157 1356 2233 sue-

62 2261 111 2341 rit
140 2271 309 2343 mutata:
337 2263 475 2362 partim
500 2266 548 2345 de
567 2263 942 2363 Hermaphroditum
964 2268 1173 2346 Salmacide
1189 2273 1356 2370 nympha

61 2374 99 2448 iu
111 2398 228 2459 unum
245 2400 382 2474 corpus
397 2375 593 2451 concretis.
645 2375 736 2457 Quo
753 2375 865 2465 facto,
881 2404 1028 2454 sorores
1045 2381 1134 2480 ipsae
1151 2383 1190 2457 in
1207 2390 1368 2478 vesperi

65 2489 225 2569 tiliones,
242 2511 448 2586 earumque
470 2487 556 2561 telae
581 2487 620 2565 in
645 2487 761 2565 vitem
793 2497 833 2564 et
861 2490 1057 2588 pampinos
1086 2492 1357 2571 transformata
1414 2504 1417 2509 ’

63 2609 158 2676 sunt.
209 2599 295 2674 Hac
311 2602 359 2675 de
375 2624 416 2675 re
433 2600 518 2687 crim
548 2600 682 2696 Agave
698 2602 901 2687 laetaretur,
919 2626 1074 2699 magnus
1099 2603 1142 2676 ei‘
1153 2604 1263 2679 dolor
1291 2607 1356 2681 ob-

66 2715 166 2795 latus
182 2723 258 2793 est:
283 2700 435 2814 quando
450 2713 520 2786 lno
533 2722 574 2787 et
588 2713 768 2792 Athamas
785 2710 823 2787 in
840 2738 941 2793 mare
958 2738 1027 2813 per
1039 2715 1225 2792 insaniam
1237 2722 1354 2819 prosi-

69 2825 236 2911 luerunt,
250 2833 290 2901 et
305 2822 396 2898 facti
409 2827 494 2896 sunt
508 2822 560 2896 dit
575 2821 717 2898 marini.
755 2820 864 2902 Quos
874 2826 963 2898 dum
974 2826 1150 2903 mulieres
1163 2827 1354 2910 Thebanae

59 2964 133 3038 pro
151 2937 306 3014 mortuis
322 2935 532 3032 deplorant,
550 2934 587 3008 in
601 2959 688 3036 sara
705 2944 746 3009 et
757 2934 933 3009 volucres
950 2946 1235 3016 commutantur.
1261 2945 1355 3020 Cad-

60 3077 146 3129 mus
162 3077 317 3152 quoque
334 3052 403 3125 hac
420 3049 631 3125 calamitate
647 3056 868 3136 commotus,
885 3051 1026 3125 relictis
1039 3050 1193 3140 Thebis,
1210 3055 1247 3129 in
1262 3055 1354 3152 llly-

61 3167 158 3243 riam
175 3191 260 3242 cum
277 3190 396 3241 uxore
415 3162 609 3264 profectus
625 3171 690 3238 est.
744 3162 825 3236 Ubi
855 3172 1016 3262 uterque
1037 3166 1259 3262 anguineam
1281 3168 1355 3245 for-

61 3306 163 3356 mam
179 3280 334 3378 accepit.
385 3279 496 3354 Solus
510 3278 639 3374 itaque
650 3275 815 3351 restabat
828 3278 850 3348 ὲ
863 3275 1003 3378 Bacchi
1017 3280 1356 3376 comtemptoribus

67 3391 250 3478 Acrisius,
267 3413 358 3464 avus
367 3387 507 3475 Persei,
519 3387 588 3486 qui
601 3385 788 3485 Gorgonis
801 3393 915 3483 caput
927 3387 1144 3485 amputavit.
1194 3387 1230 3461 Ε
1247 3391 1354 3486 cujus
1433 3413 1436 3422 ·

62 3502 182 3602 guttis
210 3502 248 3578 in
276 3511 415 3594 terram
439 3500 601 3598 delapsis
627 3523 769 3599 angues
794 3499 917 3573 exorti
935 3493 1086 3586 suntet
1103 3501 1299 3602 Atlantem
1315 3501 1355 3578 in

63 3623 242 3701 montem,
265 3614 477 3712 virgasque,
501 3617 588 3710 post
611 3609 893 3683 Andromedam
917 3608 1123 3696 liberatam,
1138 3611 1178 3685 in
1210 3613 1367 3712 lapidos

64 3728 260 3802 convertit
293 3717 295 3721 ’
312 3727 407 3800 Orto
424 3723 559 3799 deinde
572 3722 610 3798 in
627 3721 768 3829 nuptiis
779 3723 955 3803 tumultu.
969 3721 1153 3805 Phineum
1165 3749 1254 3807 cum
1268 3727 1354 3819 suis,
1418 3761 1421 3764 ⁷

65 3843 219 3940 unaque
233 3839 402 3915 Proetum
417 3845 458 3914 et
474 3836 721 3933 Polydecten,
738 3860 868 3919 saxeos
884 3834 1056 3915 reddidit.
