2924 4958
604 276 736 346 INDEX.
1071 332 1076 341 .
1241 272 1281 351 os

39 488 43 494 .
82 436 176 504 Pallas
188 445 219 504 in
232 444 359 503 vetulam
541 448 647 521 apar
690 445 878 524 Guttaeaquoe
891 444 1022 507 inflores
1160 440 1261 506 1111121

60 522 223 586 ‚Telorum
237 524 358 582 Palladis
377 519 584 601 Arachnesque
601 522 651 580 de·
692 523 829 586 Nutrices'
862 526 970 585 Bacchi
1007 543 1044 586 ex
1072 524 1177 584 vetulis
1211 525 1261 604 ju.
1297 532 1304 543 ·

120 606 238 682 scriptio
634 604 652 656 2
732 624 851 677 venes,
926 623 978 650 '⁶
1059 637 1070 650 ·
1151 638 1161 649 ·
1241 610 1262 663 3

83 681 197 742 Hamus
212 693 242 743 et
256 684 396 759 Rhodope
410 682 439 740 in
452 687 564 750 montes
692 686 777 744 Aries
791 685 871 744 senio
885 684 1191 761 consectusinagnum

81 759 216 839 Pygmaea
232 765 261 822 in
274 783 377 840 gruem
692 764 886 825 Peliaeceldes
966 798 977 810 ·
1058 796 1070 811 ·
1150 796 1162 808 ·
1241 771 1261 822 4

80 842 222 918 Antigone
237 843 266 901 in
279 843 419 902 ciconiam
692 843 852 903 Ceramhus
865 846 1008 905 inarem‘
1056 877 1067 888 ·
1168 848 1261 902 5116

81 919 197 980 Cinarae
213 922 278 980 tiliae
293 924 322 980 in
337 941 406 979 saxa
693 923 789 982 Draco
803 924 832 980 in
847 944 946 984 saxum
1058 952 1069 966 ·
1150 954 1161 966 ·
1243 927 1261 978 7

78 998 198 1077 Jupiter
211 1003 240 1059 in
254 1009 369 1061 taurum
690 1002 838 1062 Juvencus
853 1005 882 1061 in
895 1018 1014 1063 cerrum

78 1082 228 1139 -—in
239 1083 362 1157 aquilam
692 1080 761 1139 Coae
776 1083 913 1141 mulieres
927 1088 1054 1140 cornutae
1149 1115 1160 1124 ·
1225 1087 1261 1142 10

77 1162 227 1218 ——in
238 1181 360 1238 cygnum
692 1159 797 1219 Telchi
811 1162 875 1220 visu
890 1161 983 1220 omnia
1000 1167 1141 1220 mutantes
1226 1167 1258 1219 11

76 1241 226 1298 ——in
237 1248 364 1317 satyrum
690 1237 797 1317 Hyries
811 1241 886 1298 filius
900 1241 930 1298 in
943 1258 1066 1316 cygnum
1151 1272 1162 1283 ·
1226 1244 1262 1298 13

77 1320 474 1396 -inAmphitryonem
690 1318 784 1396 Hyrie
802 1321 832 1377 in
845 1321 940 1379 lacum
1059 1352 1070 1362 ·
1151 1352 1162 1363 ·
1226 1322 1262 1377 14

75 1400 225 1456 —-in
240 1418 342 1457 aurum
690 1397 801 1457 Combe
815 1400 844 1457 in
859 1418 942 1458 avem
1060 1430 1072 1442 ·
1130 1403 1210 1457 1511
1225 1401 1261 1455 16

74 1479 226 1535 -·-·-11
240 1479 335 1554 ignem
690 1476 782 1553 Fungi
796 1479 825 1536 in
839 1479 969 1537 homines
1057 1509 1068 1521 ·
1150 1509 1161 1521 ·
1222 1480 1261 1535 20

74 1558 224 1615 ——in
238 1566 383 1634 pastorem
690 1556 817 1616 Phineus
831 1559 860 1615 in
874 1577 958 1617 avem

72 1638 223 1695 -—-in
237 1645 404 1715 serpentem
689 1635 830 1712 Periphas
844 1638 874 1695 in
888 1655 972 1695 avem

72 1711 232 1790 Neptunus
246 1718 275 1774 in
284 1720 443 1796 juvencum
661 1750 663 1754 ,
690 1715 913 1792 Polyphemonis
927 1717 985 1774 filia
999 1714 1028 1772 in
1043 1733 1127 1778 avem

71 1796 226 1852 -—-—in
240 1796 382 1874 Enipeum
395 1793 515 1854 fluvium
691 1795 797 1851 Medea
807 1796 842 1853 ad
856 1797 980 1869 AEgeum
1059 1827 1070 1838 ·
1151 1825 1163 1837 ·
1224 1799 1261 1850 22

69 1874 228 1929 ——in
241 1876 361 1935 arietem
610 1876 638 1881 ”
691 1872 816 1931 Cerberi
830 1892 931 1951 spuma
944 1874 974 1930 in
988 1873 1132 1930 aconitum

70 1952 227 2008 -·--in
242 1971 350 2028 equum
692 1951 804 2009 Thesei
820 1959 901 2026 gesta
1035 1982 1070 2029 ¹·
1149 1977 1160 1997 ·
1221 1957 1260 2010 23

71 2031 224 2087 ——in
239 2032 408 2106 delphinem
637 2051 640 2055 ’
693 2029 818 2088 Scironis
832 2029 949 2088 latronis
962 2046 1025 2085 ossa
1037 2027 1067 2084 in
1080 2028 1214 2105 scopulos

35 2160 38 2165 .
72 2109 180 2184 Apollo
195 2109 224 2166 in
238 2117 385 2185 pastorem
690 2107 795 2164 Minois
811 2108 916 2164 bellum
929 2107 958 2164 in
974 2100 1164 2166 Athenienses
1219 2115 1258 2170 24

72 2188 222 2246 —-in
238 2190 407 2264 accipitrem
593 2234 597 2240 .
689 2183 814 2243 Sithonis
828 2185 858 2242 in
871 2186 1053 2243 monedulam

73 2268 222 2324 -·-·-⁸-in
235 2269 352 2325 leonem
686 2263 790 2338 AEgina
804 2265 897 2322 insula
910 2272 1020 2342 quas-et
1034 2263 1154 2325 Oenona
1219 2274 1257 2326 ⁶25

72 2344 208 2404 Bacchus
222 2347 251 2404 in
266 2365 352 2404 uvam
686 2343 769 2401 AEaci
783 2343 834 2402 lilii

74 2423 215 2483 Saturnus
228 2426 258 2482 in
273 2444 380 2501 equum
686 2420 778 2480 Pestis
792 2424 947 2501 descriptio
991 2479 994 2488 .

73 2503 209 2561 Arachne
223 2505 252 2561 in
266 2523 401 2562 araneam
537 2526 548 2548 ⁴
627 2508 647 2564 3
687 2500 827 2561 Formiae
842 2503 870 2560 in
885 2504 1015 2576 homines
1041 2570 1043 2575 ,

74 2580 185 2641 Niobes
199 2583 323 2642 filiorum
333 2601 410 2641 mors
536 2615 547 2626 ·
626 2589 646 2640 4
688 2580 810 2656 Cephali
825 2589 856 2640 et
869 2580 1125 2651 Procridisl'ahula
1194 2582 1255 2643 '26

72 2661 242 2738 Amphionis
256 2665 350 2722 exitus
686 2657 797 2734 Vulpes
813 2666 842 2717 et
855 2662 933 2717 canis
946 2661 977 2716 in
990 2659 1055 2717 saxa
1146 2693 1158 2705 ·
1219 2668 1256 2720 27

73 2738 171 2798 Niobe
184 2742 213 2799 in
227 2762 353 2801 marmor
467 2809 469 2813 Α
687 2736 831 2795 Procridis
845 2755 921 2795 mors
1024 2743 1066 2794 ·‹'
1147 2773 1158 2784 -
1218 2747 1256 2800 28

72 2817 157 2895 Lycii
172 2823 270 2881 rustici
285 2824 313 2880 in
329 2839 412 2879 ranas
444 2853 456 2873 ψ
536 2855 547 2875 s
628 2825 647 2880 5

72 2896 196 2957 Marsias
210 2901 239 2958 in
254 2901 372 2960 fluvium
443 2932 454 2944 ·
534 2932 546 2944 ·
627 2904 645 2958 6

71 2974 227 3039 Eburneus
241 2981 357 3057 Pelopis
371 2981 508 3039 humerus
625 2984 642 3037 7

72 3053 190 3115 Tereus
201 3059 231 3117 in
244 3079 371 3137 upupam
439 3092 450 3103 ·
624 3061 641 3117 8

71 3132 185 3196 Procne
199 3139 229 3196 in
243 3139 426 3198 hirundinem

72 3211 233 3277 Philomela
246 3220 276 3277 in
290 3218 439 3278 lusciuiam
723 3214 835 3276 Nisus
848 3217 878 3276 in
896 3217 1061 3278 haliaeetum
1082 3238 1167 3280 avem
1185 3222 1249 3283 ria.

71 3291 326 3374 Orithyia-raptus
440 3330 451 3342 ·
532 3330 543 3342 ·
624 3300 649 3371 9·
1236 3311 1247 3362 1

71 3369 162 3432 Zetes
175 3382 204 3435 et
217 3375 312 3435 Calais
326 3378 394 3437 alati
681 3376 777 3453 Scylla
790 3377 819 3434 in
834 3376 935 3455 Cyrim
948 3395 1032 3436 arem
1134 3415 1137 3423 f

395 3453 400 3458 “
680 3453 849 3534 Labyrinthi
863 3456 1012 3515 Cretensis
1026 3458 1182 3534 descriptio
1232 3465 1253 3516 2

680 3535 813 3593 Ariadna
828 3554 935 3595 corona
948 3536 977 3593 in
991 3537 1069 3595 sidus

257 3608 364 3676 LIBRI
384 3605 450 3677 Vll.
682 3614 792 3672 Daedali
806 3616 917 3674 volatus
1047 3644 1059 3659 ·
1139 3646 1151 3660 -
1231 3623 1250 3675 3

680 3690 754 3751 Icari
768 3713 844 3752 mors
921 3703 923 3709 '

860 2976 966 3036 LIBRI
988 2976 1068 3037 Vlll.

241 3799 245 3807 ·
680 3770 770 3830 Talus
798 3792 883 3850 puer,
910 3772 997 3834 serra
1024 3768 1183 3855 circinique
1206 3779 1248 3838 in-

112 3853 308 3914 DRACONIS
331 3856 431 3915 dentes
453 3854 485 3914 in
509 3850 639 3911 homines
719 3860 832 3923 renton
847 3853 876 3912 in
891 3855 1040 3929 perdicem

146 3945 270 3996 armatos
538 3936 636 3991 ran.l
680 3929 813 4001 Daedalus
829 3935 864 3990 ad
878 3933 1017 3991 Cocalum
1137 3969 1152 3981 ι
1230 3945 1249 3996 4

69 4014 182 4074 lasonis
196 4017 226 4074 in
241 4016 366 4076 Colchos
381 4013 525 4094 expeditio
678 4012 749 4087 Apri
762 4010 914 4089 Calydonii
929 4013 1084 4091 descriptio

69 4094 172 4154 Phinei
186 4097 330 4156 calamitas
678 4091 815 4148 Atalantae
831 4091 935 4149 Forma

72 4172 182 4234 Medeae
198 4194 310 4235 amores
678 4171 790 4228 Altheae
805 4170 909 4229 iratres
925 4173 940 4226 a
954 4169 1103 4248 Meleagro
1117 4175 1185 4232 caesi

74 4252 165 4313 Tauri
178 4257 276 4330 ignem
289 4253 415 4314 efflantes
679 4249 773 4325 Stipes
787 4250 815 4328 io
830 4269 888 4326 quo
903 4249 1043 4326 Meleagri
1058 4251 1116 4310 rita

71 4330 223 4411 Pervigilis
237 4333 368 4411 draconis
381 4350 469 4409 sopor
501 4354 504 4358 ·
678 4326 819 4402 Meleagri
834 4347 910 4387 mors

65 4413 159 4471 Eson
172 4435 210 4474 ex
223 4435 293 4475 sene
302 4413 419 4490 juvenis
529 4443 540 4456 ·
621 4414 640 4466 2
679 4427 911 4466 ——sorores
930 4408 959 4465 in
973 4409 1246 4490 avesMeleagridas

70 4491 176 4552 Aridus
190 4495 273 4556 olivae
286 4512 381 4555 111111
395 4494 425 4553 in
438 4490 562 4560 viridem
679 4487 804 4545 Naiadas
818 4487 848 4555 in
861 4484 1021 4548 Echinadas
1035 4490 1141 4548 insulas
1226 4499 1245 4548 5
