2924 4958
462 646 466 651 .
581 565 756 648 'LIBER
782 565 853 640 Ill.

649 860 811 933 aaa*

444 1266 449 1273 .
503 1152 942 1234 succursurum.

651 1480 774 1516 ⁸040-

106 1769 110 1777 '
172 1746 267 1824 HlC
285 1748 448 1847 Agenor
461 1744 647 1820 Cadmum
667 1743 779 1841 jubet
796 1744 915 1821 filiam
940 1748 1111 1822 amissam
1128 1742 1375 1840 investigare.

70 1861 290 1946 Quondam
307 1861 372 1936 ille
390 1858 492 1947 iacit,
502 1862 526 1933 ὸ
535 1856 711 1937 cenamus
724 1858 897 1935 draconis
911 1860 1027 1935 occisi
1041 1863 1079 1936 in
1090 1862 1191 1936 terrt
1204 1858 1291 1932 satis
1308 1880 1375 1930 eu·

62 1967 431 2054 secunturnomines
443 2001 454 2058 ;
479 1996 566 2046 curn
580 1970 736 2069 'quibus
755 1972 823 2048 ille
849 1973 985 2048 deinde
1012 1973 1163 2049 Thebas
1188 1969 1370 2046 condidit.

68 2084 174 2163 Huic
190 2083 353 2183 primurn
369 2083 479 2163 'valde
497 2081 671 2156 luctuosa
686 2081 760 2156 fuit
785 2082 932 2180 nepotis
949 2085 1141 2160 Actaeonis
1165 2083 1205 2158 in
1218 2103 1376 2166 cerrum

67 2195 202 2275 mutati
217 2193 456 2283 dilaceratio:
476 2190 649 2292 quamvis
664 2192 690 2266 J
691 2193 807 2269 unoni
820 2203 926 2292 grata
944 2195 1070 2283 suerit,
1087 2223 1175 2295 quae
1193 2195 1374 2270 Semelen

68 2308 248 2408 pellicem
271 2307 414 2383 oderat.
465 2303 635 2405 ideoque
653 2305 701 2377 ad
718 2303 837 2402 ipsam
854 2304 924 2378 sub
940 2303 1036 2382 facie
1056 2307 1196 2382 Beroen
1218 2310 1375 2390 nutricis

68 2419 264 2520 accedeus,
277 2424 438 2493 mortem
454 2413 514 2495 illi
525 2415 753 2513 procuravit
796 2414 919 2508 Paulo
938 2419 1022 2513 post
1034 2417 1189 2516 Jupiter
1205 2445 1293 2497 cunr
1305 2421 1376 2496 lu».

67 2560 165 2611 none
181 2518 486 2635 disputarentur
502 2531 635 2607 Venus
652 2538 749 2605 esset
766 2530 926 2617 suavior,
944 2530 1131 2608 Tiresiam
1149 2534 1301 2608 adhibet
1318 2558 1375 2608 ar·

67 2649 233 2725 bitrum:
272 2644 581 2747 quandoquidem
615 2668 746 2735 sexum
778 2652 982 2744 utrumque
1012 2645 1136 2722 fuerat
1180 2657 1372 2753 expertus

68 2763 117 2861 Is,
131 2763 210 2836 lata
222 2768 354 2835 contra
368 2760 395 2833 J
397 2784 559 2835 ursonem
573 2757 767 2838 sententia,
783 2758 833 2832 ab
847 2759 915 2833 ille
924 2761 1130 2861 quidem
1094 2787 1176 2837 vrso
1188 2763 1372 2871 privatus,

20 2878 25 2893 ’
69 2877 90 2947 ὲ
116 2872 215 2945 Jove
233 2877 358 2944 autem
376 2869 603 2944 vaticinandi
628 2869 821 2947 scientiam
838 2881 1062 2947 consecutus
1079 2884 1146 2948 est
1199 2874 1371 2949 Primum

44 3022 47 3027 ν
71 2991 198 3057 autem
214 2978 296 3078 ejus
309 2979 535 3054 oraculum
524 3004 563 3055 ιιι
578 2977 757 3052 Narcisso
775 2982 1060 3079 comprobatum
1078 2983 1173 3057 fuit:
1199 2985 1268 3082 qui
1286 2987 1373 3060 (rim

70 3094 228 3195 puellas
242 3117 380 3178 omnes,
399 3092 497 3167 inter
511 3115 606 3190 quas
623 3099 662 3164 et
689 3090 798 3166 Echo
815 3118 893 3192 prae
910 3095 1049 3169 amoris
1073 3093 1343 3192 impatientias
1331 3117 1371 3167 an

72 3231 205 3282 vocem
233 3205 356 3283 suerat
391 3230 580 3291 conversa,
614 3205 920 3304 contempsisset:
964 3207 1168 3305 suiipsius
1200 3207 1369 3305 denique

72 3344 199 3394 amore
216 3317 536 3404 contabescens
525 3343 563 3392 m
592 3319 724 3395 florem
740 3328 905 3396 mutatus
920 3328 989 3396 est.
1038 3320 1225 3395 Pentheus
1242 3331 1371 3397 tamen

71 3441 195 3508 vatem
225 3435 323 3508 hunc
358 3431 548 3516 irridebat,
574 3455 805 3530 quamquam
837 3432 921 3508 et
910 3433 981 3532 1psi
1010 3457 1103 3509 vera
1127 3434 1366 3532 predixerat

69 3546 171 3622 Nam
196 3549 280 3622 cum
296 3544 438 3621 Bacchi
453 3544 735 3620 celebrarentur
748 3544 876 3644 Orgia,
894 3547 959 3622 ille
977 3545 1160 3625 famulum
1176 3551 1369 3649 quendam

41 3705 44 3711 -
70 3682 271 3744 sacrorum,
288 3662 645 3755 postquamnautas
671 3655 710 3730 in
734 3655 857 3754 pisces
874 3657 989 3754 ¹fuisse
1015 3659 1295 3757 transformatos
1318 3661 1368 3736 ab

69 3794 117 3846 eo
135 3768 383 3856 intellexerat,
400 3768 439 3846 in
455 3769 604 3845 vincula
622 3768 807 3868 conjecit:
833 3778 873 3846 et
890 3770 976 3847 inde
994 3776 1016 3846 a
1033 3773 1190 3851 Bacchis
1206 3774 1279 3849 fuit
1295 3774 1369 3866 dis-

69 3889 233 3980 cerptus.
257 3882 305 3958 ld
318 3885 606 4013 quodpragnam
620 3886 722 3981 apud
737 3908 866 3963 omnes
881 3883 996 3962 fidem
1009 3888 1121 3964 sacris
1136 3884 1365 3969 conciliarit,
