2924 4958
628 467 794 544 arene
819 467 869 539 11.
1011 431 1014 437 ’

530 877 967 985 senonensem
1050 841 1054 847 ⁸

692 1145 815 1181 ⁹⁴0&-

205 1341 306 1445 QUI
332 1343 417 1416 clun
441 1343 644 1440 aliquando
669 1340 868 1417 Phaetonti
884 1343 1117 1441 Apollinem,
1148 1352 1192 1419 ut
1207 1343 1345 1418 falsum
1361 1371 1406 1423 ac

105 1458 355 1555 suppositium
371 1466 528 1555 patrem,
553 1457 776 1554 objecisset3
810 1458 875 1532 ille
893 1483 1025 1534 ourrus
1042 1458 1184 1533 Solaris
1207 1456 1409 1555 imperium

77 1552 152 1648 ”ad
172 1569 272 1644 diem
288 1594 404 1644 unum
421 1571 443 1642 ὲ
459 1577 565 1666 patre
590 1569 628 1642 in
644 1568 780 1665 pignus
796 1592 896 1652 verae
914 1568 1039 1669 stirpis
1067 1568 1175 1666 petit.
1227 1567 1319 1648 Quo
1343 1566 1411 1647 im·

107 1688 268 1776 patrato,
285 1690 386 1758 terra
403 1683 450 1756 ab
464 1707 511 1756 eo
527 1689 607 1756 tota
624 1681 854 1786 accenditur,
872 1690 912 1756 et
929 1681 1027 1758 inter
1040 1690 1178 1769 oaetera
1193 1676 1411 1780 nigrescunt

108 1792 316 1892 AEthiopea
368 1794 614 1869 Phaetontem
624 1793 758 1870 deinde
773 1793 929 1890 fulmine
940 1820 1162 1893 percussum
1178 1797 1269 1869 dum
1278 1791 1412 1888 lugent

110 1920 268 1992 sorores,
295 1915 336 1980 et
351 1911 425 1982 rma
442 1916 624 2006 cognatus
641 1904 796 2006 Cygnus
811 1937 821 1993 ;
847 1907 923 1980 illae
936 1908 981 1983 ‘in
999 1907 1170 1996 arbores,
1188 1906 1249 1980 hic
1266 1903 1305 1977 in
1321 1922 1413 1999 cyg-

109 2019 201 2089 num
217 2023 394 2090 mutatur.
445 2016 547 2089 Tum
563 2016 728 2112 Jupiter,
744 2019 904 2092 lustrato
920 2028 1106 2093 terrarum
1119 2017 1211 2093 orbe
1230 2042 1274 2091 ac
1290 2012 1415 2113 pristi-

110 2155 160 2206 no
184 2127 307 2228 vigori
330 2127 516 2212 restituto,
546 2126 585 2198 in
615 2125 860 2200 Callistonem
889 2129 1032 2209 incidit,
1061 2151 1236 2227 eamque,
1263 2127 1413 2224 sumpte

110 2240 244 2316 Dianae
261 2238 392 2318 forma,
410 2236 604 2335 stupravit.
654 2233 716 2308 Ob
732 2235 771 2307 id
788 2236 882 2329 irata
898 2237 925 2310 J
928 2261 1014 2327 uno,
1033 2239 1279 2314 Callistonem
1297 2237 1337 2310 in
1352 2260 1414 2310 ur·

113 2378 191 2428 sam
207 2352 414 2429 convertit:
441 2375 556 2450 quam
579 2349 711 2448 postea
736 2351 857 2424 Arcas
883 2351 984 2434 filius
1005 2353 1253 2437 ,transfixurns
1277 2339 1415 2431 fuerat,

115 2467 186 2543 nisi
202 2475 406 2564 utrumque
424 2463 577 2560 Jupiter
591 2462 689 2536 inter
705 2461 827 2537 sidera
843 2461 1044 2537 retulisset
1097 2461 1187 2545 Qua
1204 2463 1251 2535 de
1269 2485 1310 2535 re
1327 2459 1415 2534 clam

96 2594 100 2605 '
115 2581 216 2675 apud
233 2580 428 2653 Oceanum
442 2575 545 2650 June
563 2580 770 2674 conquesta
783 2579 895 2653 esset,
917 2572 955 2648 in
968 2574 1109 2650 coelum
1124 2575 1244 2649 relata
1261 2570 1335 2646 fuit
1349 2568 1417 2643 huss

114 2688 227 2762 meris
243 2711 444 2786 pavonum,
469 2685 539 2784 qui
554 2707 675 2782 nuper
691 2682 885 2783 variegata
910 2683 1079 2759 fuerant:
1108 2684 1206 2760 sicut
1221 2693 1263 2758 et
1277 2706 1416 2759 corvus

116 2822 239 2894 nuper
255 2823 304 2874 ex
321 2799 408 2872 albo
426 2797 534 2895 niger
551 2803 633 2870 erat
648 2795 829 2882 redditus,
854 2793 938 2869 crim
955 2794 1124 2873 Cornicis
1140 2793 1303 2880 monitis,
1328 2816 1417 2892 quae

117 2909 272 2986 illitum
289 2917 393 2986 snam
410 2912 448 2985 in
462 2909 663 2996 cornicem,
688 2917 771 2983 tum
787 2910 1033 3007 Nyctimenes
1050 2911 1088 2986 in
1105 2919 1283 2985 noctuam
1298 2917 1419 2983 muta·

118 3023 261 3096 tionem
277 3023 496 3119 explicaret,
520 3045 595 3094 non
612 3021 917 3118 obtemperasset,
941 3025 1006 3099 sed
1023 3024 1202 3098 audacter
1218 3021 1422 3096 Coronidis

120 3134 347 3210 adulterium
360 3136 405 3206 ad
422 3133 645 3232 Apollinem
659 3134 867 3209 detulisset.
918 3135 1013 3234 Ejus
1026 3138 1161 3213 deinde
1175 3137 1269 3214 filio,
1286 3134 1419 3209 AEscu-

119 3249 234 3355 lapio,
253 3249 340 3324 'cum
357 3256 481 3323 satura
497 3247 719 3346 praediceret
736 3249 898 3347 Ocyroe,
915 3251 954 3325 in
970 3276 1108 3354 aquam
1125 3251 1180 3327 irs
1196 3247 1323 3326 divina
1339 3271 1419 3322 ver-

120 3366 224 3440 titur.
267 3363 371 3438 Tum'
382 3362 521 3437 Chiron
531 3370 650 3460 pater,
661 3351 853 3460 Apollinis
865 3365 1047 3440 auxilium
1060 3364 1197 3441 frustra
1209 3359 1417 3440 invocavit:

122 3482 227 3579 quod
244 3478 308 3553 ille
320 3477 503 3574 jaminde
521 3475 634 3552 Elide
651 3486 778 3577 pastor
794 3478 926 3565 factus,
952 3479 1055 3555 aliud
1072 3489 1213 3580 ageret,
1236 3473 1419 3573 neglectis

123 3592 237 3665 etiam
252 3589 383 3662 bobus.
435 3586 482 3660 ld
499 3591 604 3686 quod
622 3589 817 3665 Mercurio
835 3589 921 3664 illos
938 3589 1088 3664 furandi
1104 3591 1342 3666 occasionem
1358 3588 1420 3661 de·

125 3701 199 3774 dit:
226 3700 296 3798 qui
308 3699 443 3774 deinde
461 3699 576 3786 Batti,
593 3702 677 3776 cum
694 3701 724 3776 is
737 3702 838 3776 solus
852 3711 950 3776 esset
962 3700 1054 3776 furti
1066 3705 1249 3801 conscius,
1262 3703 1420 3805 perfidia

126 3838 165 3886 se
182 3812 447 3886 commutando
465 3812 704 3908 deprehensa,
731 3812 770 3886 in
787 3812 949 3888 indicem
974 3812 1139 3912 lapidem
1156 3840 1244 3890 eum
1268 3841 1422 3891 conver-

126 3923 184 3997 tit.
234 3920 327 3994 ludo
345 3918 784 4022 in‘Attioamingress1n‚
803 3917 943 4010 Herae,
961 3923 1141 4022 Cecropis
1157 3925 1247 4013 filie,
1265 3928 1420 4024 potitur.

128 4037 202 4108 Cui
218 4036 308 4108 dum
324 4032 466 4110 invidet
483 4061 588 4111 soror
600 4037 802 4134 Aglauros,
820 4036 858 4111 in
875 4061 1006 4112 saxum
1022 4037 1235 4136 obrigescit.
1283 4039 1423 4115 Postea

128 4150 292 4249 Jupiter,
315 4148 399 4223 crim
415 4149 537 4247 ipsum
553 4152 669 4225 boves
685 4151 875 4249 Agenoris
892 4154 939 4227 ad
965 4152 1070 4228 littus
1087 4152 1282 4226 advertere
1295 4151 1424 4248 jussis-

130 4275 197 4346 set,
227 4267 373 4363 sumpte
388 4265 488 4343 tauri
504 4266 640 4367 specie,
668 4265 863 4364 Europam
878 4283 1064 4368 perurere
1085 4263 1293 4347 incretam
1309 4277 1424 4345 trans

130 4380 244 4454 rexit.
